@article{侯爽2004结构,
  title={结构 Pushover 分析的侧向力分布及高阶振型影响},
  author={侯爽 and 欧进萍},
  journal={地震工程与工程振动},
  volume={24},
  number={3},
  pages={89--97},
  year={2004}
}

@article{chen2021experimental,
  title={Experimental and numerical study of high-order complex curvature mode shape and mode coupling on a three-bladed wind turbine assembly},
  author={Chen, Yuanchang and Mendoza, Alejandra S Escalera and Griffith, D Todd},
  journal={Mechanical Systems and Signal Processing},
  volume={160},
  pages={107873},
  year={2021},
  publisher={Elsevier}
}